<record><leader>00000cas a2200000 a 4500</leader><controlfield tag="001">190774210</controlfield><controlfield tag="008">080111d19701971iluwn ne      0   a0eng c</controlfield><datafield ind1=" " ind2=" " tag="010"><subfield code="a">  2014271511</subfield></datafield><datafield ind1=" " ind2=" " tag="040"><subfield code="a">ICG</subfield><subfield code="b">eng</subfield><subfield code="c">ICG</subfield><subfield code="d">NVF</subfield><subfield code="d">OCLCO</subfield><subfield code="d">OCLCF</subfield><subfield code="d">NVF</subfield><subfield code="d">OCLCO</subfield><subfield code="d">OCLCQ</subfield></datafield><datafield ind1=" " ind2=" " tag="043"><subfield code="a">n-us-il</subfield></datafield><datafield ind1="0" ind2="4" tag="082"><subfield code="a">378.773</subfield><subfield code="b">S149 Q5</subfield></datafield><datafield ind1="0" ind2="0" tag="245"><subfield code="a">Procopian news :</subfield><subfield code="b">the new edition.</subfield></datafield><datafield ind1=" " ind2=" " tag="260"><subfield code="a">Lisle, Ill. :</subfield><subfield code="b">St. Procopius College,</subfield><subfield code="c">1970-1971.</subfield></datafield><datafield ind1=" " ind2=" " tag="300"><subfield code="a">1 volume :</subfield><subfield code="b">illustrations ;</subfield><subfield code="c">43 cm</subfield></datafield><datafield ind1=" " ind2=" " tag="310"><subfield code="a">Weekly (during academic year)</subfield></datafield><datafield ind1=" " ind2=" " tag="336"><subfield code="a">text</subfield><subfield code="b">txt</subfield><subfield code="2">rdacontent</subfield></datafield><datafield ind1=" " ind2=" " tag="337"><subfield code="a">unmediated</subfield><subfield code="b">n</subfield><subfield code="2">rdamedia</subfield></datafield><datafield ind1=" " ind2=" " tag="338"><subfield code="a">volume</subfield><subfield code="b">nc</subfield><subfield code="2">rdacarrier</subfield></datafield><datafield ind1="0" ind2=" " tag="362"><subfield code="a">Vol. 1 (1970-1971).</subfield></datafield><datafield ind1="1" ind2=" " tag="362"><subfield code="a">Ceased with v. 1, no. 6 (May 10, 1971) issue?</subfield></datafield><datafield ind1=" " ind2=" " tag="500"><subfield code="a">Previously classified as a periodical.</subfield></datafield><datafield ind1=" " ind2=" " tag="521"><subfield code="a">Student newspaper of: St. Procopius College, Lisle, Ill.</subfield></datafield><datafield ind1="1" ind2=" " tag="588"><subfield code="a">May 10, 1971.</subfield></datafield><datafield ind1="2" ind2="0" tag="610"><subfield code="a">St. Procopius College (Lisle, Ill.)</subfield><subfield code="x">Students</subfield><subfield code="v">Newspapers.</subfield></datafield><datafield ind1="2" ind2="0" tag="610"><subfield code="a">Illinois Benedictine College</subfield><subfield code="x">Students</subfield><subfield code="v">Newspapers.</subfield></datafield><datafield ind1=" " ind2="0" tag="650"><subfield code="a">Catholic universities and colleges</subfield><subfield code="z">Illinois</subfield><subfield code="z">Lisle</subfield><subfield code="v">Newspapers.</subfield></datafield><datafield ind1=" " ind2="0" tag="650"><subfield code="a">College student newspapers and periodicals</subfield><subfield code="z">Illinois</subfield><subfield code="z">Lisle.</subfield></datafield><datafield ind1="2" ind2="7" tag="610"><subfield code="a">Illinois Benedictine College.</subfield><subfield code="2">fast</subfield><subfield code="0">(OCoLC)fst00750233</subfield></datafield><datafield ind1="2" ind2="7" tag="610"><subfield code="a">St. Procopius College (Lisle, Ill.)</subfield><subfield code="2">fast</subfield><subfield code="0">(OCoLC)fst00750232</subfield></datafield><datafield ind1=" " ind2="7" tag="650"><subfield code="a">Catholic universities and colleges.</subfield><subfield code="2">fast</subfield><subfield code="0">(OCoLC)fst00849270</subfield></datafield><datafield ind1=" " ind2="7" tag="650"><subfield code="a">College student newspapers and periodicals.</subfield><subfield code="2">fast</subfield><subfield code="0">(OCoLC)fst00867966</subfield></datafield><datafield ind1=" " ind2="7" tag="650"><subfield code="a">Students.</subfield><subfield code="2">fast</subfield><subfield code="0">(OCoLC)fst01136041</subfield></datafield><datafield ind1=" " ind2="7" tag="651"><subfield code="a">Illinois</subfield><subfield code="z">Lisle.</subfield><subfield code="2">fast</subfield><subfield code="0">(OCoLC)fst01217709</subfield></datafield><datafield ind1=" " ind2="7" tag="655"><subfield code="a">Newspapers.</subfield><subfield code="2">fast</subfield><subfield code="0">(OCoLC)fst01423814</subfield></datafield><datafield ind1="2" ind2=" " tag="710"><subfield code="a">St. Procopius College (Lisle, Ill.).</subfield><subfield code="k">Newspapers.</subfield><subfield code="4">pbl</subfield></datafield><datafield ind1="0" ind2="0" tag="780"><subfield code="a">Procopian news</subfield><subfield code="w">(DLC)  2014271511</subfield><subfield code="w">(OCoLC)190774146</subfield></datafield><datafield ind1="0" ind2="0" tag="785"><subfield code="a">Illinois Benedictine flux</subfield><subfield code="w">(DLC)  2014271512</subfield><subfield code="w">(OCoLC)190774318</subfield></datafield></record>